
@misc{WB:2021,
  author = {The World Bank},
  title = {World Development Indicators},
  year = {2021},
  note = {data retrieved from World Development Indicators, 
          \url{https://databank.worldbank.org/source/world-development-indicators#}},
}

 @article{Boccardo Bosoni_2020, title={30 Años de Política Neoliberal en Chile }, url={https://pop-umbrella.s3.amazonaws.com/uploads/67b1827c-4cd1-48fa-bdb7-6f0c808ca5c7_Estudio_30_a__os_de_neoliberalismo_en_Chile_PSI-NodoXXI-2020.pdf}, journal={Chile: no son 30 pesos, son 30 años - PSI}, author={Boccardo Bosoni, Giorgio}, year={2020}, month={Jun}} 
 
 
  @book{chicago boys 2016, title={Chicago Boys}, url={http://icarusfilms.com/if-boys}, publisher={Icarus Films}, year={2016}}}
 
  
  @article{10.2307/23596588,
 ISSN = {0309166X, 14643545},
 URL = {http://www.jstor.org/stable/23596588},
 author = {Alvaro García H. and John Wells},
 journal = {Cambridge Journal of Economics},
 number = {3/4},
 pages = {287--304},
 publisher = {Oxford University Press},
 title = {Chile: a laboratory for failed experiments in capitalist political economy},
 volume = {7},
 year = {1983}
}


@article{doi:10.1080/00220380412331322871,
author = { Dante   Contreras },
title = {Poverty and Inequality in a Rapid Growth Economy: Chile 1990-96},
journal = {The Journal of Development Studies},
volume = {39},
number = {3},
pages = {181-200},
year  = {2003},
publisher = {Routledge},
doi = {10.1080/00220380412331322871},

URL = { 
        https://doi.org/10.1080/00220380412331322871
},
eprint = { 
        https://doi.org/10.1080/00220380412331322871
}
}

@article{power_2018, title={The Deprivation-Protest Paradox: How the Perception of Unfair Economic Inequality Leads to Civic Unrest}, volume={59}, url={https://psycnet.apa.org/record/2019-03117-007}, DOI={10.1086/700679}, number={6}, journal={Current Anthropology}, author={Power, Séamus A.}, year={2018}, pages={765–789}}

  @misc{by&nbsp;wid.world_2020, title={Global Inequality Data - 2020 update - WID - World Inequality Database}, url={https://wid.world/news-article/2020-regional-updates/}, journal={WID}, author={by&nbsp;WID.world, Written}, year={2020}, month={Nov}}  